<record><leader>00000cas a22000007a 4500</leader><controlfield tag="001">17347300</controlfield><controlfield tag="008">880114d18311uuumsudr ne      0    0eng d</controlfield><datafield ind1=" " ind2=" " tag="010"><subfield code="a">sn 88067096 </subfield></datafield><datafield ind1=" " ind2=" " tag="040"><subfield code="a">MUM</subfield><subfield code="b">eng</subfield><subfield code="c">MUM</subfield><subfield code="d">MSJ</subfield><subfield code="d">OCLCQ</subfield></datafield><datafield ind1=" " ind2=" " tag="042"><subfield code="a">msc</subfield></datafield><datafield ind1="0" ind2=" " tag="130"><subfield code="a">Cadet (Washington, Miss.)</subfield></datafield><datafield ind1="1" ind2="0" tag="245"><subfield code="a">Cadet.</subfield></datafield><datafield ind1=" " ind2=" " tag="260"><subfield code="a">Washington, Miss. :</subfield><subfield code="b">J.H. Ingraham,</subfield><subfield code="c">1831-</subfield></datafield><datafield ind1=" " ind2=" " tag="300"><subfield code="a">v. ;</subfield><subfield code="c">62 cm.</subfield></datafield><datafield ind1=" " ind2=" " tag="310"><subfield code="a">Daily</subfield></datafield><datafield ind1="0" ind2=" " tag="362"><subfield code="a">Vol. 1, no. 1 (Feb. 5, 1831)-</subfield></datafield><datafield ind1=" " ind2=" " tag="752"><subfield code="a">United States</subfield><subfield code="b">Mississippi</subfield><subfield code="c">Adams</subfield><subfield code="d">Washington.</subfield></datafield><datafield ind1="1" ind2=" " tag="029"><subfield code="a">AU@</subfield><subfield code="b">000025827643</subfield></datafield></record>